@article{geissmann_ethoscopes:_2017,
  author = {Geissmann, Quentin and Rodriguez, Luis Garcia and Beckwith, Esteban J. and French, Alice S. and Jamasb, Arian R. and Gilestro, Giorgio F.},
  language = {english},
  date = {2017-08},
  doi = {10.1371/journal.pbio.2003026},
  number = {10},
  pages = {e2003026},
  shortjournal = {{PLOS} Biology},
  shorttitle = {Ethoscopes},
  title = {Ethoscopes: An Open Platform For High-Throughput Ethomics},
  urldate = {2017-03-28},
  volume = {15},
}

@book{wickam_hadley_ggplot2_2009,
  author = {{Wickam, Hadley}},
  publisher = {Springer},
  date = {2009},
  howpublished = {\textsc{url:} \url{http://www.springer.com/us/book/9780387981413}},
  isbn = {978-0-387-98141-3},
  title = {ggplot2 - Elegant Graphics for Data Analysis},
}

@article{geissmann_rethomics:_2018,
  author = {Geissmann, Quentin and Rodriguez, Luis Garcia and Beckwith, Esteban J. and Gilestro, Giorgio F.},
  language = {english},
  date = {2018-04},
  doi = {10.1101/305664},
  howpublished = {\textsc{url:} \url{https://www.biorxiv.org/content/early/2018/04/23/305664} (accessed 2018-06-19)},
  pages = {305664},
  shorttitle = {Rethomics},
  title = {Rethomics: an R framework to analyse high-throughput behavioural data},
}

@book{hamilton_ggtern:_2017,
  author = {Hamilton, Nicholas},
  date = {2017},
  howpublished = {\textsc{url:} \url{https://CRAN.R-project.org/package=ggtern}},
  title = {ggtern: An Extension to 'ggplot2', for the Creation of Ternary Diagrams},
}

@article{efron_bootstrap_1979,
  author = {Efron, B.},
  date = {1979-01},
  doi = {10.1214/aos/1176344552},
  howpublished = {\textsc{url:} \url{https://projecteuclid.org/euclid.aos/1176344552} (accessed 2018-07-02)},
  issn = {0090-5364, 2168-8966},
  number = {1},
  pages = {1--26},
  shortjournal = {Ann. Statist.},
  shorttitle = {Bootstrap Methods},
  title = {Bootstrap Methods: Another Look at the Jackknife},
  volume = {7},
}

@article{bhattacharyya_measure_1943,
  author = {Bhattacharyya, A},
  date = {1943},
  pages = {99--109},
  title = {On a measure of divergence between two statistical populations defined by their probability distributions},
  volume = {35},
}

@book{sokal_statistical_1958,
  author = {Sokal, Robert Reuven and Michener, Charles Duncan},
  language = {english},
  publisher = {University of Kansas},
  date = {1958},
  note = {Google-Books-{ID}: o1BlHAAACAAJ},
  pagetotal = {30},
  title = {A Statistical Method for Evaluating Systematic Relationships},
}

@article{hurlbert_pseudoreplication_1984,
  author = {Hurlbert, Stuart H.},
  date = {1984},
  doi = {10.2307/1942661},
  howpublished = {\textsc{url:} \url{http://www.jstor.org/stable/1942661} (accessed 2018-07-03)},
  issn = {0012-9615},
  number = {2},
  pages = {187--211},
  title = {Pseudoreplication and the Design of Ecological Field Experiments},
  volume = {54},
}

